@online{LectureIsing,
    author = "Morthen Hjorth-Jensen",
    title = "Statistical physics and the Ising Model",
    year = "2017",
    url  = "http://compphysics.github.io/ComputationalPhysics/doc/pub/statphys/pdf/statphys-print.pdf",
    addendum = "(accessed: 27.10.2019)",
    keywords = "ising,hjort-jensen"
}
@article{LarsOns,
    author = "Lars Onsager",
    title = "Crystal Statistics. I. A Two-Dimensional Model with an Order-Disorder Transition",
    journal = "Physical review",
    volume = "65",
    number = "3-4",
    pages = "117--149",
    year = "1994",
    DOI = "https://journals.aps.org/pr/abstract/10.1103/PhysRev.65.117",
    keywords = "physics"
}